@Misc{wikipedia-org,
  author   	     = {Google},
  title     	   = {Heroku},
  howpublished   = {Webpage},
  year     	     = {21 December 2017},
  url      	     = {https://en.wikipedia.org/wiki/Heroku},
}

@Misc{www-heroku,
  author          = {HEROKU} 
  title     	    = {Heroku},
  howpublished    = {Webpage},
  url                      = { https://www.heroku.com},
}

@Misc{how-heroku-works,
  author   	     = {Heroku Dev Center},
  title     	   = {How Heroku Works},
  howpublished   = {Webpage},
  year     	     = {not specified},
  url      	     = {https://devcenter.heroku.com/articles/how-heroku-works},
}

@Misc{www-pivotal,
  author   	   = {vmware},
  title    	   = {Pivotal RabbitMQ VMware Products},
  howpublished = {Webpage},
  year     	   = {2018},
  url      	   = {https://www.vmware.com/products/pivotal-rabbitmq.html},
}

@Misc{www-cloud-goggle,
  author   	   = {Google},
  title    	    	   = {Google Cloud Platform},
  Howpublished  = {Webpage},
  year     	   = {2018},
  url      	   = {https://cloud.google.com/appengine/docs/the-appengine-environments},
}

@Misc{app-engine,
  author   	   = {Google},
  title    	    	   = {Google Cloud Platform},
  Howpublished  = {Webpage},
  year     	   = {2018},
  url      	   = {https://cloud.google.com/appengine/docs/the-appengine-environment},
}

@Misc{www-scalabitity,
  author   	    = {John Lowry},
  title    	    = {Designing for Scale},
  Howpublished  = {Webpage},
  year     	    = {2017},
  Timestamp     = {February 2017}
  url      	    = {https://cloud.google.com/appengine/articles/scalability},
}

@Misc{cloud-google,
  author   	    = {Google},
  title    	    = {Compute Engine},
  howpublished  = {Webpage},
  year     	    = {2018},
  url      	    = {https://cloud.google.com/compute},
}
@Misc{wikipedia-org,
  author   	    = {Wikipedia Contributors},
  title     	  = {Microsoft Visual Studio- Wikipedia The Free Encyclopedia},
  howpublished  = {Webpage},
  year     	    = {2018},
  url      	    ={https://en.wikipedia.org/w/index.php?title=Microsoft_Visual_Studio},
}
