
@Misc{uci-com,
  author       = {{Dheeru Dua and Karra Taniskidou Efi}},
  title        = {Automobile Data Set, Data Set Description},
  howpublished = {webpage},
  month        = {August},
  year         = {2017},
  institution  = {University of California, Irvine, School of Information and Computer Sciences},       
  url          = {https://archive.ics.uci.edu/ml/machine-learning-databases/autos/},
}

@Misc{scatterplt,
  author       = {{Cloudmesh Community hid sp18 415}},
  title        = {project images},
  howpublished = {Github},
  month        = {April},
  year         = {2018},
  institution  = {Cloudmesh Community, Indiana University},       
  url          = {https://github.com/cloudmesh-community/hid-sp18-415/blob/master/project-paper/images/plot_pred_test_set.png},
}

@Misc{regression,
  author       = {{Cloudmesh Community hid sp18 415}},
  title        = {project code regression.py},
  howpublished = {Github},
  month        = {April},
  year         = {2018},
  institution  = {Cloudmesh Community, Indiana University},       
  url          = {https://github.com/cloudmesh-community/hid-sp18-415/blob/master/project-code/regression.py},
  }
  
  
  
  
