@Misc{www-how-heroku-works,
  author       = {Nithess Poojary},
  title        = {What is Heroku Getting Started with PaaS},
  howpublished = {Web Page},
  month        = {August},
  year         = {2015},
  timestamp    = {2015 August 11},
  url          = {https://cloudacademy.com/blog/what-is-heroku/},
}



@Misc{www-heroku-com,
  author       = {Heroku},
  title        = {The Heroku Platform},
  howpublished = {web page},
  year         = {2018},
  owner        = {Heroku Products},
  url          = {https://www.heroku.com/platform},
}

@Misc{www-heroku-dynos,
  author       = {Heroku},
  title        = {Dynos The heart of the Heroku Platform },
  howpublished = {web page},
  year         = {2018},
  owner        = {Heroku Products},
  url          = {https://www.heroku.com/dynos},
}
@Misc{www-devcenter-dynos,
  author       = {Heroku},
  title        = {Dynos and the Dyno Manager },
  howpublished = {web page},
  year         = {unspecified},
  owner        = {Heroku Documentation},
  url          = {https://devcenter.heroku.com/articles/dynos},
}

@Misc{www-heroku-ci,
  author       = {Heroku},
  title        = {Heroku CI},
  howpublished = {web page},
  year         = {unspecified},
  owner        = {Heroku Documentation},
  url          = {https://devcenter.heroku.com/articles/heroku-ci},
}

@Misc{www-devcenter-heroku,
  author       = {Heroku Dev Center},
  title        = {Architecting Applications for Heroku},
  howpublished = {web page},
  year         = {unspecified},
  owner        = {Salesforce-com},
  url          = {https://devcenter.heroku.com/articles/architecting-apps},
}

@Misc{www-devcenter-herokulimits,
  author       = {Heroku Dev Center},
  title        = {Limits},
  howpublished = {web page},
  year         = {unspecified},
  owner        = {Salesforce-com},
  url          = {https://devcenter.heroku.com/articles/limits},
}

@Misc{www-python-heroku-com,
  author       = {Heroku},
  title        = {Cloud Platform for Pythonic Apps and APIs},
  howpublished = {web page},
  year         = {2018},
  owner        = {Salesforce-com},
  url          = {https://www.heroku.com/python},
}

@Misc{www-customers-heroku-com,
  author       = {Heroku},
  title        = {heroku Customers},
  howpublished = {web page},
  year         = {2018},
  owner        = {Salesforce-com},
  url          = {https://www.heroku.com/customers/},
}

